<?xml version="1.0" encoding="UTF-8"?><record xmlns="http://www.loc.gov/MARC21/slim" xmlns:cinclude="http://apache.org/cocoon/include/1.0" xmlns:zs="http://www.loc.gov/zing/srw/">
  <leader>00651cz  a2200169n  4500</leader>
  <controlfield tag="001">no2010088203</controlfield>
  <controlfield tag="003">DLC</controlfield>
  <controlfield tag="005">20100604075227.0</controlfield>
  <controlfield tag="008">100527n| acannaabn          |a ana     c</controlfield>
  <datafield tag="010" ind1=" " ind2=" ">
    <subfield code="a">no2010088203</subfield>
  </datafield>
  <datafield tag="035" ind1=" " ind2=" ">
    <subfield code="a">(OCoLC)oca08509706</subfield>
  </datafield>
  <datafield tag="040" ind1=" " ind2=" ">
    <subfield code="a">CLU</subfield>
    <subfield code="b">eng</subfield>
    <subfield code="c">CLU</subfield>
    <subfield code="d">CLU</subfield>
  </datafield>
  <datafield tag="110" ind1="2" ind2=" ">
    <subfield code="a">Basilique Saint-Christophe de Charleroi</subfield>
  </datafield>
  <datafield tag="410" ind1="2" ind2=" ">
    <subfield code="a">Eglise Saint-Christophe de Charleroi</subfield>
  </datafield>
  <datafield tag="410" ind1="2" ind2=" ">
    <subfield code="a">Saint-Christophe (Church : Charleroi, Belgium)</subfield>
  </datafield>
  <datafield tag="410" ind1="1" ind2=" ">
    <subfield code="a">Charleroi (Belgium).</subfield>
    <subfield code="b">Basilique Saint-Christophe</subfield>
  </datafield>
  <datafield tag="670" ind1=" " ind2=" ">
    <subfield code="a">La basilique Saint-Christophe de Charleroi, 2008:</subfield>
    <subfield code="b">t.p. (Basilique Saint-Christophe de Charleroi) p. 1, etc. (EĚglise Saint-Christophe de Charleroi)</subfield>
  </datafield>
</record>